% This file was created with JabRef 2.6.
% Encoding: UTF-8

@BOOK{E.2010,
  title = {{U}nix and {L}inux {S}ystem {A}dministration {H}andbook},
  publisher = {Prenti},
  year = {2010},
  author = {Nemeth E. and Snyder G. and Hein T. and Whaley B.},
  owner = {ivocalado},
  timestamp = {2010.10.12}
}

